@misc{1606.01540,
  Author = {Greg Brockman and Vicki Cheung and Ludwig Pettersson and Jonas Schneider and John Schulman and Jie Tang and Wojciech Zaremba},
  Title = {{O}pen{AI} {G}ym},
  Year = {2016},
  Eprint = {arXiv:1606.01540},
}

@Article{bellemare13arcade,
  author = {{Bellemare}, M.~G. and {Naddaf}, Y. and {Veness}, J. and {Bowling}, M.},
  title = {The Arcade Learning Environment: An Evaluation Platform for General Agents},
  journal = {Journal of Artificial Intelligence Research},
  year = "2013",
  month = "jun",
  volume = "47",
  pages = "253--279",
}
